@book{bib:ieeestd,
    publisher = {IEEE},
    isbn = {0-7381-5925-5},
    year = {2009},
    title = {IEEE STD 1016-2009},
    language = {eng},
}
