@MISC{NUX,
    Title="NUX Time Force Multi Modulation Digital Delay",
    howpublished="Website"
}

@Misc{Plugin,
    Author="Martin Finke",
    Title="Making Audio Plugins",
    howpublished="Website Blog"
}

@Misc{Proto,
    Title="Proto Pedal Example: Programmable Digital Pedal",
    Author="Byron J.",
    Publisher="The FreeBSD Documentation Project"
}

@Misc{GPIO,
    Author="Sasang Balachandran",
    Title="General Purpose Input/Ouput (GPIO)"
}

