@misc{ph,
    title ="Placeholder",
    year = 2018
}