@electronic{e1,
title = "3D Printing Materials Guide - Which 3D Printing Materials Can You Use?",
publisher = "3Dprinting.com",
address = "Amsterdam, Netherlands",
url = "https://3dprinting.com/materials/"
  
}

@electronic{e2,
title = "3ders.org  - Optimizing structural integrity of load-bearing 3D printed parts with ribs and gussets | 3D Printer News and 3D Printing News",
publisher = "www.3ders.org",
address = "Holland, Netherlands",
url = "http://www.3ders.org/articles/20160430-tips-for-optimizing-structural-integrity-of-load-bearing-3d-printed-parts-with-ribs-and-gussets.html"
  
}

@electronic{e3,
title = "HOWMUCHISIT.ORG",
publisher = "HOWMUCHISIT.ORG",
date = "2018-8-13",
url = "https://www.howmuchisit.org/acrylic-sheets-cost/"
  
}

@electronic{e4,
title = "Tensile Property Testing of Plastics",
publisher = "MatWeb",
url = "http://www.matweb.com/reference/tensilestrength.aspx"
  
}

@electronic{e5,
title = "M-D Building Products 12 in. x 12 in. Plain Aluminum Sheet in Silver - 56040 - The Home Depot",
publisher = "The Home Depot",
url = "https://www.homedepot.com/p/M-D-Building-Products-12-in-x-12-in-Plain-Aluminum-Sheet-in-Silver-56040/100293264"
  
}