@misc{mc:deadmau5,
	title = "Deadmau5 Teaches Electronic Music Production: 08 Experimenting With Modular Synths",
	year = 2017,
	url = "https://www.masterclass.com/classes/deadmau5-teaches-electronic-music-production/chapters/experimenting-with-modular-synths/watch"
}

@misc{mau5trap,
	title = "MAU5TRAP",
	year = 2017,
	url = "http://www.pilchner-schoustal.com/work/mau5trap/"
}

@misc{sc,
	title = "SuperCollider",
	note = "homepage",
	url = "https://supercollider.github.io/"
}

@misc{pd,
	title = "Pure Data",
	url = "https://puredata.info"
}
